@phdthesis{gratzer2023syntax,
  title={Syntax and semantics of modal type theory},
  author={Gratzer, Daniel},
  year={2023},
  school={Aarhus University}
}

@phdthesis{murphy2008modal,
  title={Modal types for mobile code},
  author={Murphy, VII, Tom},
  year={2008},
  school={Carnegie Mellon University}
}

@article{davies2001modal,
  title={A modal analysis of staged computation},
  author={Davies, Rowan and Pfenning, Frank},
  journal={Journal of the ACM},
  volume={48},
  number={3},
  pages={555--604},
  year={2001},
  publisher={Association for Computing Machinery}
}

@inproceedings{cruz2022functional,
  title={Functional choreographic programming},
  author={Cruz-Filipe, Lu{\'\i}s and Graversen, Eva and Lugovi{\'c}, Lovro and Montesi, Fabrizio and Peressotti, Marco},
  booktitle={International Colloquium on Theoretical Aspects of Computing},
  pages={212--237},
  year={2022},
  organization={Springer}
}

@misc{giallorenzo2005object,
  title={Choral: Object-oriented choreographic programming},
  author={Giallorenzo, Saverio and Montesi, Fabrizio and Peressotti, Marco},
  year={2005},
  publisher={CoRR}
}

@inproceedings{licata2016adjoint,
  title={Adjoint logic with a 2-category of modes},
  author={Licata, Daniel R and Shulman, Michael},
  booktitle={Logical Foundations of Computer Science: International Symposium, LFCS 2016, Deerfield Beach, FL, USA, January 4-7, 2016. Proceedings},
  pages={219--235},
  year={2016},
  organization={Springer}
}
